<?xml version="1.0" encoding="UTF-8"?>
<collection xmlns:xsi="http://www.w3.org/2001/XMLSchema-instance" xsi:schemaLocation="http://www.loc.gov/MARC21/slim http://www.loc.gov/standards/marcxml/schema/MARC21slim.xsd" xmlns="http://www.loc.gov/MARC21/slim">
<record>
  <leader>01078nam a2200241Mi 4500</leader>
  <controlfield tag="001">3068058</controlfield>
  <controlfield tag="003">NNC</controlfield>
  <controlfield tag="005">20030429142358.0</controlfield>
  <controlfield tag="008">911120s1962    sy            000 0 ara d</controlfield>
  <datafield tag="035" ind1=" " ind2=" ">
    <subfield code="a">(OCoLC)ocm33924940</subfield>
  </datafield>
  <datafield tag="035" ind1=" " ind2=" ">
    <subfield code="9">ATP0483CU</subfield>
  </datafield>
  <datafield tag="040" ind1=" " ind2=" ">
    <subfield code="a">HLS</subfield>
    <subfield code="c">HLS</subfield>
    <subfield code="d">ZCU</subfield>
  </datafield>
  <datafield tag="099" ind1=" " ind2=" ">
    <subfield code="a">893.7112</subfield>
    <subfield code="a">Ib561</subfield>
  </datafield>
  <datafield tag="100" ind1="1" ind2=" ">
    <subfield code="a">Ibn Shaddād, Muḥammad ibn ʻAlī,</subfield>
    <subfield code="d">1217-1285.</subfield>
  </datafield>
  <datafield tag="245" ind1="1" ind2="3">
    <subfield code="a">al-Aʻlāq al-khaṭīrah fī dhikr Umarāʾ al-Shām wa-al-Jazīrah :</subfield>
    <subfield code="b">tārīkh Lubnān wa-al-Urdun wa-Filasṭīn /</subfield>
    <subfield code="c">li-Ibn Shaddād, ʻIzz al-Dīn Abī ʻAbd All-ah Muḥammad ibn ʻAlī ibn Ibrāhīm al-Ḥalabī ; ʻaná bi-nashrihi wa-taḥqīqih wa-waḍʻ fahārisih Sāmi al-Dahhān.</subfield>
  </datafield>
  <datafield tag="260" ind1=" " ind2=" ">
    <subfield code="a">Dimashq :</subfield>
    <subfield code="b">al-Maʻhad al-Faransī lil-Dirāsāt al-ʻArabīyah,</subfield>
    <subfield code="c">1962.</subfield>
  </datafield>
  <datafield tag="300" ind1=" " ind2=" ">
    <subfield code="a">347 p. :</subfield>
    <subfield code="b">Ill. facsims ;</subfield>
    <subfield code="c">25 cm.</subfield>
  </datafield>
  <datafield tag="500" ind1=" " ind2=" ">
    <subfield code="a">Added title on t.p.: Liban, Jordanie, Palestine, Topographie Historique d'Ibn Shaddād.</subfield>
  </datafield>
  <datafield tag="651" ind1=" " ind2="0">
    <subfield code="a">Lebanon</subfield>
    <subfield code="x">History.</subfield>
  </datafield>
  <datafield tag="651" ind1=" " ind2="0">
    <subfield code="a">Jordan</subfield>
    <subfield code="x">History.</subfield>
  </datafield>
  <datafield tag="651" ind1=" " ind2="0">
    <subfield code="a">Palestine</subfield>
    <subfield code="x">History.</subfield>
  </datafield>
  <datafield tag="700" ind1="1" ind2=" ">
    <subfield code="a">Dahhān, Sāmī.</subfield>
  </datafield>
  <datafield tag="955" ind1=" " ind2=" ">
    <subfield code="b">CU58865136</subfield>
    <subfield code="d">off,glx</subfield>
    <subfield code="e">893.7112 Ib561</subfield>
  </datafield>
</record>
</collection>